%% This BibTeX bibliography file was created using BibDesk.
%% http://bibdesk.sourceforge.net/


%% Created for Danny Price at 2014-11-03 14:30:02 +0000 


%% Saved with string encoding Unicode (UTF-8) 



@article{Kocz:2014jr,
	Author = {Kocz, J and others},
	Journal = {Journal of Astronomical Instrumentation},
	Month = mar,
	Number = {01},
	Pages = {1450002},
	Title = {{A Scalable Hybrid FPGA/GPU FX Correlator}},
	Volume = {03},
	Year = {2014}}

@inproceedings{Bandura2014,
	Annote = {ISBN: 9780819496133},
	Author = {Bandura, K and others},
	Booktitle = {Proceedings of the SPIE},
	Month = jul,
	Organization = {McGill Univ. (Canada)},
	Pages = {22},
	Title = {{Canadian Hydrogen Intensity Mapping Experiment (CHIME) pathfinder}},
	Year = {2014}}

@article{Kemball:2001um,
	Author = {Kemball, A J and Wieringa, Mark H},
	Journal = {CASA Memo Series},
	Month = jan,
	Title = {{MeasurementSet definition version 2.0}},
	Year = {2001}}

@book{Thompson2004,
	Author = {Thompson, A Richard and Moran, James M and Swenson, Jr, George W},
	Edition = {Second},
	Publisher = {WILEY-VCH Verlag},
	Title = {{Interferometry and Synthesis in Radio Astronomy}},
	Year = {2004}}

@article{Jennings1995,
	Author = {Jennings, D G and Pence, W D and Folk, M},
	Journal = {ADASS IV},
	Month = n/a,
	Pages = {229},
	Title = {{Convert: Bridging the Scientific Data Format Chasm}},
	Volume = {77},
	Year = {1995}}

@article{Kitaeff:2014ua,
	Annote = {14 pages, 12 figures, 3 tables, accepted by Astronomy and Computing},
	Author = {Kitaeff, Vyacheslav V and Cannon, Andrew and Wicenec, Andreas and Taubman, David},
	Eprint = {1403.2801v4},
	Eprintclass = {astro-ph.IM},
	Eprinttype = {arxiv},
	Journal = {arXiv.org},
	Month = mar,
	Title = {{Astronomical Imagery: Considerations For a Contemporary Approach with JPEG2000}},
	Year = {2014}}

@article{Griesen:2008tn,
	Author = {Griesen, E W},
	Date-Modified = {2014-10-25 16:34:12 +0000},
	Journal = {AIPS Memo Series, 114},
	Title = {{The FITS Interferometry Data Interchange Convention}},
	Year = {2008}}

@article{Greisen:2012tw,
	Author = {Greisen, E W},
	Date-Modified = {2014-10-25 16:34:27 +0000},
	Journal = {AIPS Memo Series, 117},
	Month = aug,
	Title = {{AIPS FITS File Format}},
	Year = {2012}}

@unpublished{Jenness:2014wy,
	Author = {Jenness, T and others},
	Date-Modified = {2014-11-03 14:29:56 +0000},
	Journal = {Astronomy and Computing},
	Month = jun,
	Title = {{Learning from 25 years of the extensible N-Dimensional Data Format}},
	Year = {in~press}}

@unpublished{Thomas:2014vq,
	Author = {Thomas, B and others},
	Date-Modified = {2014-11-03 14:30:02 +0000},
	Journal = {Astronomy and Computing},
	Month = apr,
	Title = {{The Future of Astronomical Data Formats I. Learning from FITS}},
	Year = {in~press}}

@inproceedings{2014ASPC..485..351T,
	Author = {Thomas, B and others},
	Booktitle = {ADASS XXIII},
	Date-Modified = {2014-10-25 16:38:25 +0000},
	Month = may,
	Pages = {351},
	Title = {{Significant Problems in FITS Limit Its Use in Modern Astronomical Research}},
	Volume = {485},
	Year = {2014}}

@inproceedings{2012ASPC..461..871M,
	Author = {Masters, J and others},
	Booktitle = {ADASS XXI},
	Date-Modified = {2014-10-25 16:41:42 +0000},
	Month = sep,
	Pages = {871},
	Title = {{The AstroHDF Effort}},
	Volume = {461},
	Year = {2012}}

@inproceedings{2012ASPC..461..283A,
	Author = {Alexov, A and others},
	Booktitle = {ADASS XXI},
	Date-Modified = {2014-10-25 16:40:48 +0000},
	Month = sep,
	Pages = {283},
	Title = {{Status of LOFAR Data in HDF5 Format}},
	Volume = {461},
	Year = {2012}}

@article{2012arXiv1201.1340P,
	Annote = {Proposed FITS Convention:
  http://fits.gsfc.nasa.gov/registry/tiletablecompression/tiletable.pdf, v1.0,
  28 October 2010, 6 pages},
	Author = {Pence, William and Seaman, Rob and White, Richard L},
	Eprint = {1201.1340},
	Eprintclass = {astro-ph.IM},
	Eprinttype = {arxiv},
	Journal = {arXiv.org},
	Month = jan,
	Pages = {1340},
	Title = {{A Tiled-Table Convention for Compressing FITS Binary Tables}},
	Year = {2012}}

@inproceedings{2011ASPC..442..663W,
	Author = {Wise, M and others},
	Booktitle = {ADASS XX},
	Date-Modified = {2014-10-25 16:39:56 +0000},
	Month = jul,
	Pages = {663},
	Title = {{Towards HDF5: Encapsulation of Large and/or Complex Astronomical Data}},
	Volume = {442},
	Year = {2011}}

@inproceedings{2011ASPC..442..493P,
	Author = {Pence, W and Seaman, R and White, R L},
	Booktitle = {ADASS XX},
	Month = jul,
	Pages = {493},
	Title = {{A New Compression Method for FITS Tables}},
	Year = {2011}}

@article{Anderson:2010tp,
	Annote = {Published in: LOFAR {\&}amp; HDF5: Toward a New Radio Data Standard, PoS(ISKAF2010)062

6 pages, 2 figures, proceedings from the ISKAF 2010 conference},
	Author = {Anderson, K and others},
	Eprint = {1012.2266v1},
	Eprintclass = {astro-ph.IM},
	Eprinttype = {arxiv},
	Journal = {arXiv.org},
	Month = dec,
	Title = {{LOFAR and HDF5: Toward a New Radio Data Standard}},
	Year = {2010}}

@article{2010A&A...524A..42P,
	Author = {Pence, W. D and others},
	Journal = {A\&A},
	Month = dec,
	Pages = {42},
	Title = {{Definition of the Flexible Image Transport System (FITS), version 3.0}},
	Volume = {524},
	Year = {2010}}

@article{2010ascl.soft10002S,
	Author = {Seaman, Rob and Pence, William and White, Rick},
	Journal = {Astrophysics Source Code Library},
	Month = oct,
	Pages = {10002},
	Title = {{fpack: FITS Image Compression Program}},
	Year = {2010}}

@article{2010ascl.soft10001P,
	Author = {Pence, William D},
	Journal = {Astrophysics Source Code Library},
	Month = oct,
	Pages = {10001},
	Title = {{CFITSIO: A FITS File Subroutine Library}},
	Year = {2010}}

@article{2009PASP..121..414P,
	Author = {Pence, W D and Seaman, R and White, R L},
	Journal = {PASP},
	Month = apr,
	Pages = {414--427},
	Title = {{Lossless Astronomical Image Compression and the Effects of Noise}},
	Volume = {121},
	Year = {2009}}

@article{2007ASPC..376..483S,
	Author = {Seaman, R and Pence, W and White, R and Dickinson, M and Valdes, F and Z{\'a}rate, N},
	Journal = {ADASS XVI},
	Month = oct,
	Pages = {483},
	Title = {{Astronomical Tiled Image Compression: How and Why}},
	Volume = {376},
	Year = {2007}}

@article{2004PASA...21..302H,
	Author = {Hotan, A W and van Straten, W and Manchester, R N},
	Eprint = {astro-ph/0404549v1},
	Eprintclass = {astro-ph},
	Eprinttype = {arxiv},
	Journal = {arXiv.org},
	Month = apr,
	Number = {3},
	Pages = {302--309},
	Title = {{PSRCHIVE and PSRFITS An Open Approach to Radio Pulsar Data Storage and Analysis}},
	Year = {2004}}

@article{2003ASSL..285...71G,
	Author = {Greisen, E W},
	Journal = {Information Handling in Astronomy - Historical Vistas. Edited by Andr{\'e} Heck},
	Month = mar,
	Pages = {71},
	Title = {{FITS: A Remarkable Achievement in Information Exchange}},
	Volume = {285},
	Year = {2003}}

@article{2002SPIE.4847..444P,
	Author = {Pence, William D},
	Journal = {Astronomical Data Analysis II. Edited by Starck},
	Month = dec,
	Pages = {444--447},
	Title = {{New image compression capabilities in CFITSIO}},
	Volume = {4847},
	Year = {2002}}

@article{2001A&A...376..359H,
	Author = {Hanisch, R J and Farris, A and Greisen, E W and Pence, W D and Schlesinger, B M and Teuben, P J and Thompson, R W and Warnock, A III},
	Journal = {A\&A},
	Month = sep,
	Pages = {359--380},
	Title = {{Definition of the Flexible Image Transport System (FITS)}},
	Volume = {376},
	Year = {2001}}

@article{2001ASPC..238..487T,
	Author = {Thomas, B and Shaya, E and Cheung, C},
	Journal = {ADASS X},
	Month = n/a,
	Pages = {487},
	Title = {{Converting FITS into XML: Methods and Advantages}},
	Volume = {238},
	Year = {2001}}

@article{2000ASPC..216..243G,
	Annote = {ISBN: 1-58381-047-1},
	Author = {Garwood, R W},
	Journal = {ADASS IX},
	Month = n/a,
	Pages = {243},
	Title = {{SDFITS: A Standard for Storage and Interchange of Single Dish Data}},
	Volume = {216},
	Year = {2000}}

@article{1999ASPC..172..487P,
	Annote = {ISBN: 1-886733-94-5},
	Author = {Pence, William},
	Journal = {ADASS VIII},
	Month = n/a,
	Pages = {487},
	Title = {{CFITSIO, v2.0: A New Full-Featured Data Interface}},
	Volume = {172},
	Year = {1999}}

@article{Cotton1995,
	Author = {Cotton, W D and Tody, D and Pence, W D},
	Journal = {A\&A Supplement},
	Month = oct,
	Pages = {159},
	Title = {{Binary table extension to FITS.}},
	Volume = {113},
	Year = {1995}}

@article{1993AAS...182.1603P,
	Author = {Pence, W},
	Journal = {American Astronomical Society},
	Month = may,
	Pages = {816},
	Title = {{FITSIO - New Features in the Interface to FITS Data Files}},
	Volume = {182},
	Year = {1993}}

@article{Harten1998,
	Author = {Harten, R. H and others},
	Journal = {A\&A Supplement},
	Month = jun,
	Pages = {365--372},
	Title = {{The FITS tables extension}},
	Volume = {73},
	Year = {1988}}

@article{1988A&AS...73..359G,
	Author = {Grosbol, P and others},
	Journal = {A\&A Supplement},
	Month = jun,
	Pages = {359--364},
	Title = {{Generalized extensions and blocking factors for FITS}},
	Volume = {73},
	Year = {1988}}

@article{1981A&AS...44..363W,
	Author = {Wells, D C and Greisen, E W and Harten, R H},
	Journal = {A\&A Supplement},
	Month = jun,
	Pages = {363},
	Title = {{FITS - a Flexible Image Transport System}},
	Volume = {44},
	Year = {1981}}

@article{1981A&AS...44..371G,
	Author = {Greisen, E W and Harten, R H},
	Journal = {A\&A Supplement},
	Month = jun,
	Pages = {371},
	Title = {{An Extension of FITS for Groups of Small Arrays of Data}},
	Volume = {44},
	Year = {1981}}

@article{1980SPIE..264..298G,
	Author = {Greisen, E W and Wells, D C and Harten, R H},
	Journal = {Applications of Digital Image Processing to Astronomy},
	Month = n/a,
	Pages = {298},
	Title = {{The FITS Tape Formats - Flexible Image Transport Systems}},
	Volume = {264},
	Year = {1980}}

@inproceedings{1979ipia.coll..445W,
	Author = {Wells, D C and Greisen, E W},
	Booktitle = {5th Workshop on Image Processing in Astronomy},
	Month = n/a,
	Pages = {445},
	Title = {{FITS - a Flexible Image Transport System}},
	Year = {1979}}
