%% This BibTeX bibliography file was created using BibDesk.
%% http://bibdesk.sourceforge.net/


%% Created for Danny Price at 2014-08-14 13:20:06 -0400 


%% Saved with string encoding Unicode (UTF-8) 



@misc{romein2014,
	Author = {Romein, J.},
	Date-Added = {2014-07-28 23:34:46 +0000},
	Date-Modified = {2014-07-28 23:38:57 +0000},
	Howpublished = {GPU Technology Conference (GTC), San Jose},
	Month = {March},
	Title = {A Comparison of Accelerator Architectures for Radio-Astronomical Signal-Processing Algorithms},
	Year = {2014}}

@article{Aroca:2012bf,
	Author = {Aroca, Rafael Vidal and Gon{\c c}alves, Luiz Marcos Garcia},
	Date-Added = {2014-07-23 19:13:42 +0000},
	Date-Modified = {2014-07-23 19:13:42 +0000},
	Journal = {Journal of Parallel and Distributed Computing},
	Month = dec,
	Number = {12},
	Pages = {1770--1780},
	Title = {{Towards green data centers: A comparison of x86 and ARM architectures power efficiency}},
	Volume = {72},
	Year = {2012}}

@article{2010MNRAS.408.1936B,
	Author = {Barsdell, B R and Barnes, D G and Fluke, C J},
	Date-Added = {2014-07-23 19:13:42 +0000},
	Date-Modified = {2014-07-23 19:14:26 +0000},
	Journal = {Monthly Notices of the Royal Astronomical Society},
	Month = nov,
	Number = {3},
	Pages = {1936--1944},
	Title = {{Analysing astronomy algorithms for graphics processing units and beyond}},
	Volume = {408},
	Year = {2010}}

@inproceedings{Broekema:2012hw,
	Address = {New York, New York, USA},
	Author = {Broekema, P Chris and van Nieuwpoort, Rob V and Bal, Henri E},
	Booktitle = {workshop on High-Performance Computing for Astronomy Data},
	Date-Added = {2014-07-23 19:13:42 +0000},
	Date-Modified = {2014-07-23 19:14:48 +0000},
	Pages = {9},
	Publisher = {ACM Press},
	Title = {{ExaScale high performance computing in the square kilometer array}},
	Year = {2012}}

@article{Brooks:2007iz,
	Author = {Brooks, D and Dick, R P and Joseph, R and Shang, Li},
	Date-Added = {2014-07-23 19:13:42 +0000},
	Date-Modified = {2014-07-23 19:13:42 +0000},
	Journal = {Micro, IEEE},
	Number = {3},
	Pages = {49--62},
	Title = {{Power, Thermal, and Reliability Modeling in Nanometer-Scale Microprocessors}},
	Volume = {27},
	Year = {2007}}

@article{Chauhan:2014bs,
	Author = {Chauhan, Yogesh Singh and Venugopalan, Sriramkumar and Chalkiadaki, Maria-Anna and Karim, Muhammed Ahosan Ul and Agarwal, Harshit and Khandelwal, Sourabh and Paydavosi, Navid and Duarte, Juan Pablo and Enz, Christian C and Niknejad, Ali M and Hu, Chenming},
	Date-Added = {2014-07-23 19:13:42 +0000},
	Date-Modified = {2014-07-23 19:13:42 +0000},
	Journal = {IEEE Transactions on Electron Devices},
	Month = feb,
	Number = {2},
	Pages = {234--244},
	Title = {{BSIM6: Analog and RF Compact Model for Bulk MOSFET}},
	Volume = {61},
	Year = {2014}}

@inproceedings{Chen:2011hz,
	Author = {Chen, Jianmin and Bin Li and Zhang, Ying and Peng, Lu and Peir, Jih-Kwon},
	Booktitle = {International Green Computing Conference and Workshops (IGCC)},
	Date-Added = {2014-07-23 19:13:42 +0000},
	Date-Modified = {2014-07-23 20:38:13 +0000},
	Pages = {1--6},
	Title = {{Statistical GPU power analysis using tree-based methods}},
	Year = {2011}}

@article{Clark:2013fr,
	Author = {Clark, M A and Plante, P L and Greenhill, L J},
	Date-Added = {2014-07-23 19:13:42 +0000},
	Date-Modified = {2014-07-23 19:13:42 +0000},
	Journal = {International Journal of High Performance Computing Applications},
	Month = may,
	Number = {2},
	Pages = {178--192},
	Title = {{Accelerating radio astronomy cross-correlation with graphics processing units}},
	Volume = {27},
	Year = {2013}}

@incollection{Collange:2009ci,
	Address = {Berlin, Heidelberg},
	Author = {Collange, Sylvain and Defour, David and Tisserand, Arnaud},
	Booktitle = {Computational Science--ICCS},
	Date-Added = {2014-07-23 19:13:42 +0000},
	Date-Modified = {2014-07-23 20:33:28 +0000},
	Pages = {914--923},
	Publisher = {Springer Berlin Heidelberg},
	Title = {{Power Consumption of GPUs from a Software Perspective}},
	Year = {2009}}

@article{Dennard:1974cs,
	Author = {Dennard, R H and Gaensslen, F H and Rideout, V L and Bassous, E and LeBlanc, A R},
	Date-Added = {2014-07-23 19:13:42 +0000},
	Date-Modified = {2014-07-23 19:13:42 +0000},
	Journal = {Solid-State Circuits, IEEE Journal of},
	Number = {5},
	Pages = {256--268},
	Title = {{Design of ion-implanted MOSFET's with very small physical dimensions}},
	Volume = {9},
	Year = {1974}}

@article{Ellingson:2013ko,
	Author = {Ellingson, S W and Taylor, G B and Craig, J and Hartman, J and Dowell, J and Wolfe, C N and Clarke, T E and Hicks, B C and Kassim, N E and Ray, P S and Rickard, L J and Schinzel, F K and Weiler, K W},
	Date-Added = {2014-07-23 19:13:42 +0000},
	Date-Modified = {2014-07-23 19:13:42 +0000},
	Journal = {Antennas and Propagation, IEEE Transactions on},
	Number = {5},
	Pages = {2540--2549},
	Title = {{The LWA1 Radio Telescope}},
	Volume = {61},
	Year = {2013}}

@article{FALLAH:2005vt,
	Author = {Fallah, Farzan and Pedram, Massoud},
	Date-Added = {2014-07-23 19:13:42 +0000},
	Date-Modified = {2014-07-23 19:15:49 +0000},
	Journal = {IEICE Transactions on Electronics},
	Month = apr,
	Number = {4},
	Pages = {509--519},
	Title = {{Standby and Active Leakage Current Control and Minimization in CMOS VLSI Circuits}},
	Volume = {E88-C},
	Year = {2005}}

@inproceedings{Ge:2013ed,
	Author = {Ge, Rong and Vogt, R and Majumder, J and Alam, A and Burtscher, M and Zong, Ziliang},
	Booktitle = {Parallel Processing (ICPP), 42nd International Conference on},
	Date-Added = {2014-07-23 19:13:42 +0000},
	Date-Modified = {2014-07-23 20:38:34 +0000},
	Pages = {826--833},
	Title = {{Effects of Dynamic Voltage and Frequency Scaling on a K20 GPU}},
	Year = {2013}}

@article{2013JCoPh.237..132G,
	Author = {G{\"o}ddeke, Dominik and Komatitsch, Dimitri and Geveler, Markus and Ribbrock, Dirk and Rajovic, Nikola and Puzovic, Nikola and Ramirez, Alex},
	Date-Added = {2014-07-23 19:13:42 +0000},
	Date-Modified = {2014-07-23 19:13:42 +0000},
	Journal = {Journal of Computational Physics},
	Month = mar,
	Pages = {132--150},
	Title = {{Energy efficiency vs. performance of the numerical solution of PDEs: An application study on a low-power ARM-based cluster}},
	Volume = {237},
	Year = {2013}}

@book{Hong:2010ie,
	Address = {New York, USA},
	Author = {Hong, Sunpyo and Kim, Hyesoon and Hong, Sunpyo and Kim, Hyesoon},
	Date-Added = {2014-07-23 19:13:42 +0000},
	Date-Modified = {2014-07-23 20:35:44 +0000},
	Month = jun,
	Publisher = {ACM},
	Title = {{An integrated GPU power and performance model}},
	Volume = {38},
	Year = {2010}}

@article{Huang:2009es,
	Author = {Huang, S and Xiao, S and Feng, W},
	Date-Added = {2014-07-23 19:13:42 +0000},
	Date-Modified = {2014-07-23 20:34:40 +0000},
	Journal = {Parallel {\&} Distributed Processing (IPDPS), IEEE International Symposium on},
	Pages = {1--8},
	Title = {{On the energy efficiency of graphics processing units for scientific computing}},
	Year = {2009}}

@techreport{Januszewskia:vu,
	Author = {Januszewskia, R and Gillyb, L and Yilmazc, E and Auweterd, A},
	Date-Added = {2014-07-23 19:13:42 +0000},
	Date-Modified = {2014-07-28 17:38:58 +0000},
	Institution = {Partnership for Advanced Computing in Europe},
	Journal = {prace-ri.eu},
	Title = {{Cooling--making efficient choices}},
	Year = {2013}}

@inproceedings{Jiao:2010cb,
	Author = {Jiao, Y and Lin, H and Balaji, P and Feng, W},
	Booktitle = {Green Computing and Communications (GreenCom), IEEE/ACM Int'l Conference on {\&} Int'l Conference on Cyber, Physical and Social Computing (CPSCom)},
	Date-Added = {2014-07-23 19:13:42 +0000},
	Date-Modified = {2014-07-23 20:36:53 +0000},
	Pages = {221--228},
	Title = {{Power and Performance Characterization of Computational Kernels on the GPU}},
	Year = {2010}}

@inproceedings{Kamil:2008kk,
	Author = {Kamil, Shoaib and Shalf, John and Strohmaier, Erich},
	Booktitle = {Distributed Processing Symposium (IPDPS)},
	Date-Added = {2014-07-23 19:13:42 +0000},
	Date-Modified = {2014-07-23 19:13:42 +0000},
	Pages = {1--8},
	Publisher = {IEEE},
	Title = {{Power efficiency in high performance computing}},
	Year = {2008}}

@article{Kasichayanula:2012fp,
	Author = {Kasichayanula, K and Terpstra, D and Luszczek, P and Tomov, S and Moore, S and Peterson, G D},
	Date-Added = {2014-07-23 19:13:42 +0000},
	Date-Modified = {2014-07-23 20:37:06 +0000},
	Journal = {Application Accelerators in High Performance Computing (SAAHPC), Symposium on},
	Pages = {64--73},
	Title = {{Power Aware Computing on GPUs}},
	Year = {2012}}

@article{Kocz:2014jr,
	Author = {Kocz, J and Greenhill, L J and Barsdell, B R and Bernardi, G and Jameson, A and Clark, M A and Craig, J and Price, D and Taylor, G B and Schinzel, F K and Werthimer, D},
	Date-Added = {2014-07-23 19:13:42 +0000},
	Date-Modified = {2014-07-23 20:30:14 +0000},
	Journal = {Journal of Astronomical Instrumentation},
	Month = mar,
	Number = {01},
	Pages = {1450002},
	Title = {{A Scalable Hybrid FPGA/GPU FX Correlator}},
	Volume = {03},
	Year = {2014}}

@article{Leng:2013ek,
	Author = {Leng, Jingwen and Hetherington, Tayler and ElTantawy, Ahmed and Gilani, Syed and Kim, Nam Sung and Aamodt, Tor M and Reddi, Vijay Janapa and Leng, Jingwen and Hetherington, Tayler and ElTantawy, Ahmed and Gilani, Syed and Kim, Nam Sung and Aamodt, Tor M and Reddi, Vijay Janapa},
	Date-Added = {2014-07-23 19:13:42 +0000},
	Date-Modified = {2014-07-23 19:13:42 +0000},
	Journal = {ACM SIGARCH Computer Architecture News},
	Month = jun,
	Number = {3},
	Pages = {487--498},
	Title = {{GPUWattch: enabling energy optimizations in GPGPUs}},
	Volume = {41},
	Year = {2013}}

@article{Li:2009vp,
	Author = {Li, Sheng and Ahn, Jung Ho and Strong, R D and Brockman, J B and Tullsen, D M and Jouppi, N P},
	Date-Added = {2014-07-23 19:13:42 +0000},
	Date-Modified = {2014-07-23 19:13:42 +0000},
	Journal = {Microarchitecture, 2009. MICRO-42. 42nd Annual IEEE/ACM International Symposium on},
	Pages = {469--480},
	Title = {{McPAT: An integrated power, area, and timing modeling framework for multicore and manycore architectures}},
	Year = {2009}}

@incollection{Liao:2005ek,
	Address = {Berlin, Heidelberg},
	Author = {Liao, Weiping and He, Lei},
	Booktitle = {Power-Aware Computer Systems},
	Date-Added = {2014-07-23 19:13:42 +0000},
	Date-Modified = {2014-07-23 19:13:42 +0000},
	Pages = {148--163},
	Publisher = {Springer Berlin Heidelberg},
	Title = {{Coupled Power and Thermal Simulation with Active Cooling}},
	Year = {2005}}

@article{Liao:2005ft,
	Author = {Liao, Weiping and He, Lei and Lepak, K M},
	Date-Added = {2014-07-23 19:13:42 +0000},
	Date-Modified = {2014-07-23 19:13:42 +0000},
	Journal = {Computer-Aided Design of Integrated Circuits and Systems, IEEE Transactions on},
	Number = {7},
	Pages = {1042--1053},
	Title = {{Temperature and supply Voltage aware performance and power modeling at microarchitecture level}},
	Volume = {24},
	Year = {2005}}

@inproceedings{Liu:2007ga,
	Author = {Liu, Yongpan and Dick, R P and Shang, Li and Yang, Huazhong},
	Booktitle = {Design, Automation {\&} Test in Europe Conference {\&} Exhibition, DATE '07},
	Date-Added = {2014-07-23 19:13:42 +0000},
	Date-Modified = {2014-07-23 20:32:03 +0000},
	Pages = {1--6},
	Title = {{Accurate Temperature-Dependent Integrated Circuit Leakage Power Estimation is Easy}},
	Year = {2007}}

@article{Ma:2009us,
	Author = {Ma, X and Dong, M and Zhong, L and Deng, Z},
	Date-Added = {2014-07-23 19:13:42 +0000},
	Date-Modified = {2014-07-23 19:13:42 +0000},
	Journal = {{\ldots} of ACM SOSP Workshop on Power {\ldots}},
	Title = {{Statistical power consumption analysis and modeling for GPU-based computing}},
	Year = {2009}}

@article{Magro:2014ul,
	Annote = {9 pages, 4 figures. SKA Memo 152},
	Author = {Magro, Alessio and Adami, Kristian Zarb and Ord, Steve},
	Date-Added = {2014-07-23 19:13:42 +0000},
	Date-Modified = {2014-08-14 17:20:04 +0000},
	Eprint = {1407.4698v1},
	Eprintclass = {astro-ph.IM},
	Eprinttype = {arxiv},
	Journal = {arXiv.org},
	Month = August,
	Title = {{Suitability of NVIDIA GPUs for SKA1-Low}},
	Volume = {1407.4698v3},
	Year = {2014}}

@article{Mahadevan:2011cb,
	Author = {Mahadevan, P and Banerjee, S and Sharma, P and Shah, A and Ranganathan, P},
	Date-Added = {2014-07-23 19:13:42 +0000},
	Date-Modified = {2014-07-23 19:13:42 +0000},
	Journal = {Communications Magazine, IEEE},
	Number = {8},
	Pages = {94--100},
	Title = {{On energy efficiency for enterprise and data center networks}},
	Volume = {49},
	Year = {2011}}

@inproceedings{Matsumoto:2011jv,
	Author = {Matsumoto, Tsubasa and Yamaguchi, Saneyasu and Sakai, Tota},
	Booktitle = {2011 Second International Conference on Networking and Computing (ICNC)},
	Date-Added = {2014-07-23 19:13:42 +0000},
	Date-Modified = {2014-07-23 19:13:42 +0000},
	Pages = {288--290},
	Publisher = {IEEE},
	Title = {{A Study on Improving Power-Consumption Performance Ratio in GPGPU Computing}},
	Year = {2011}}

@inproceedings{Mei:2013dk,
	Address = {New York, USA},
	Author = {Mei, Xinxin and Yung, Ling Sing and Zhao, Kaiyong and Chu, Xiaowen},
	Booktitle = {Workshop on Power-Aware Computing and Systems},
	Date-Added = {2014-07-23 19:13:42 +0000},
	Date-Modified = {2014-07-23 20:32:39 +0000},
	Pages = {1--5},
	Publisher = {ACM Press},
	Title = {{A measurement study of GPU DVFS on energy conservation}},
	Year = {2013}}

@article{2010Sci...328..318M,
	Author = {Meijer, G I},
	Date-Added = {2014-07-23 19:13:42 +0000},
	Date-Modified = {2014-07-23 19:13:42 +0000},
	Journal = {Science},
	Month = apr,
	Pages = {318--319},
	Title = {{Cooling Energy-Hungry Data Centers}},
	Volume = {328},
	Year = {2010}}

@inproceedings{Nagasaka:2010cq,
	Author = {Nagasaka, Hitoshi and Maruyama, Naoya and Nukada, Akira and Endo, Toshio and Matsuoka, Satoshi},
	Booktitle = {International Conference on Green Computing (Green Comp)},
	Date-Added = {2014-07-23 19:13:42 +0000},
	Date-Modified = {2014-07-23 20:37:25 +0000},
	Pages = {115--122},
	Publisher = {IEEE},
	Title = {{Statistical power modeling of GPU kernels using performance counters}},
	Year = {2010}}

@inproceedings{Nugteren:2014bo,
	Address = {New York, New York, USA},
	Author = {Nugteren, Cedric and van den Braak, Gert-Jan and Corporaal, Henk},
	Booktitle = {International Workshop},
	Date-Added = {2014-07-23 19:13:42 +0000},
	Date-Modified = {2014-07-23 19:13:42 +0000},
	Pages = {8--10},
	Publisher = {ACM Press},
	Title = {{Roofline-aware DVFS for GPUs}},
	Year = {2014}}

@article{Peres:vy,
	Author = {Peres, M},
	Date-Added = {2014-07-23 19:13:42 +0000},
	Date-Modified = {2014-07-23 19:13:42 +0000},
	Journal = {Power},
	Title = {{Reverse engineering power management on NVIDIA GPUs-A detailed overview}}}

@article{Perley:2009fp,
	Author = {Perley, R and Napier, P and Jackson, J and Butler, B and Carlson, B and Fort, D and Dewdney, P and Clark, B and Hayward, R and Durand, S and Revnell, M and McKinnon, M},
	Date-Added = {2014-07-23 19:13:42 +0000},
	Date-Modified = {2014-07-23 19:13:42 +0000},
	Journal = {Proceedings of the IEEE},
	Number = {8},
	Pages = {1448--1462},
	Title = {{The Expanded Very Large Array}},
	Volume = {97},
	Year = {2009}}

@inproceedings{Pool:2010en,
	Author = {Pool, Jeff and Lastra, Anselmo and Singh, Montek},
	Booktitle = {2010 IEEE International Conference on Computer Design (ICCD 2010)},
	Date-Added = {2014-07-23 19:13:42 +0000},
	Date-Modified = {2014-07-23 19:13:42 +0000},
	Pages = {409--416},
	Publisher = {IEEE},
	Title = {{An energy model for graphics processing units}},
	Year = {2010}}

@inproceedings{DaQiRen:2010kc,
	Author = {Da Qi Ren and Suda, Reiji},
	Booktitle = {International Conference on Green Computing (Green Comp)},
	Date-Added = {2014-07-23 19:13:42 +0000},
	Date-Modified = {2014-07-23 20:35:21 +0000},
	Pages = {309--316},
	Publisher = {IEEE},
	Title = {{Investigation on the power efficiency of multi-core and GPU Processing Element in large scale SIMD computation with CUDA}},
	Year = {2010}}

@article{Sharma:2006va,
	Author = {Sharma, S and Hsu, C H and Feng, W},
	Date-Added = {2014-07-23 19:13:42 +0000},
	Date-Modified = {2014-07-23 19:13:42 +0000},
	Journal = {Parallel and Distributed {\ldots}},
	Title = {{Making a Case for a Green500 List}},
	Year = {2006}}

@inproceedings{Song:2013df,
	Author = {Song, Shuaiwen and Su, Chunyi and Rountree, Barry and Cameron, Kirk W},
	Booktitle = {2013 IEEE International Symposium on Parallel {\&} Distributed Processing (IPDPS)},
	Date-Added = {2014-07-23 19:13:42 +0000},
	Date-Modified = {2014-07-23 19:13:42 +0000},
	Pages = {673--686},
	Publisher = {IEEE},
	Title = {{A Simplified and Accurate Model of Power-Performance Efficiency on Emergent GPU Architectures}},
	Year = {2013}}

@inproceedings{Suda:2009hi,
	Author = {Suda, R and Da Qi Ren},
	Booktitle = {Parallel and Distributed Computing, Applications and Technologies, International Conference on},
	Date-Added = {2014-07-23 19:13:42 +0000},
	Date-Modified = {2014-07-23 20:33:56 +0000},
	Pages = {432--438},
	Title = {{Accurate Measurements and Precise Modeling of Power Dissipation of CUDA Kernels toward Power Optimized High Performance CPU-GPU Computing}},
	Year = {2009}}

@article{Williams:2009cx,
	Author = {Williams, Samuel and Waterman, Andrew and Patterson, David},
	Date-Added = {2014-07-23 19:13:42 +0000},
	Date-Modified = {2014-07-23 19:13:42 +0000},
	Journal = {Communications of the ACM},
	Month = apr,
	Number = {4},
	Pages = {65--76},
	Title = {{Roofline: an insightful visual performance model for multicore architectures}},
	Volume = {52},
	Year = {2009}}

@article{Wootten:2009hw,
	Author = {Wootten, A and Thompson, A},
	Date-Added = {2014-07-23 19:13:42 +0000},
	Date-Modified = {2014-07-23 19:13:42 +0000},
	Journal = {Proceedings of the IEEE},
	Number = {8},
	Pages = {1463--1471},
	Title = {{The Atacama Large Millimeter/Submillimeter Array}},
	Volume = {97},
	Year = {2009}}

@article{Zhang:2003vj,
	Author = {Zhang, Yan and Parikh, Dharmesh and Sankaranarayanan, Karthik and Skadron, Kevin and Stan, Mircea},
	Date-Added = {2014-07-23 19:13:42 +0000},
	Date-Modified = {2014-07-23 19:13:42 +0000},
	Journal = {UNIV. OF VIRGINIA DEPT. OF COMPUTER SCIENCE TECH. REPORT CS-2003-05},
	Month = apr,
	Pages = {1--15},
	Title = {{HotLeakage: A Temperature-Aware Model of Subthreshold and Gate Leakage for Architects}},
	Year = {2003}}

@article{Zimmermann:2012fv,
	Author = {Zimmermann, Severin and Meijer, Ingmar and Tiwari, Manish K and Paredes, Stephan and Michel, Bruno and Poulikakos, Dimos},
	Date-Added = {2014-07-23 19:13:42 +0000},
	Date-Modified = {2014-07-23 19:13:42 +0000},
	Journal = {Energy},
	Month = jul,
	Number = {1},
	Pages = {237--245},
	Title = {{Aquasar: A hot water cooled data center with direct energy reuse}},
	Volume = {43},
	Year = {2012}}

@book{Anonymous:wu,
	Address = {Saint-Malo, France},
	Date-Added = {2014-07-23 19:13:42 +0000},
	Date-Modified = {2014-07-23 19:13:42 +0000},
	Publisher = {ACM},
	Title = {{ACM SIGARCH Computer Architecture News}}}

@url{googlePUE,
	Author = {n.d.},
	Date-Added = {2014-07-23 17:34:34 +0000},
	Date-Modified = {2014-07-23 20:27:00 +0000},
	Lastchecked = {23 July 2014},
	Url = {https://www.google.com/about/datacenters/efficiency/internal/#temperature},
	Bdsk-Url-1 = {https://www.google.com/about/datacenters/efficiency/internal/#temperature}}

@techreport{Azevedo:2012tv,
	Author = {Azevedo, D and French, D A and Power, E N},
	Date-Added = {2014-07-23 17:08:27 +0000},
	Date-Modified = {2014-07-23 17:08:58 +0000},
	Institution = {The Green Grid},
	Title = {{PUE{\texttrademark}: A Comprehensive Examination of the Metric}},
	Year = {2012}}

@article{TUB:2012wo,
	Author = {Tub, S L and Tub, J L and Tub, M A and Alvarez-Mesa, M},
	Date-Modified = {2014-07-15 17:29:57 +0000},
	Title = {{D4. 4.2 The GPUSimPow Simulator}},
	Year = {2012}}

@inproceedings{Rofouei:2008tk,
	Author = {Rofouei, M and Stathopoulos, T and Ryffel, S},
	Booktitle = {Conference on Power aware computing and systems},
	Date-Modified = {2014-07-23 20:33:06 +0000},
	Title = {{Energy-aware high performance computing with graphic processing units}},
	Year = {2008}}

@article{Ramani:2007ws,
	Author = {Ramani, K and Ibrahim, A and Shimizu, D},
	Journal = {{\ldots} Purpose Processing on GPUs},
	Title = {{PowerRed: A flexible modeling framework for power efficiency exploration in GPUs}},
	Year = {2007}}

@techreport{Rittman:2005wy,
	Author = {Rittman, D},
	Date-Modified = {2014-07-15 17:32:20 +0000},
	Institution = {Tayden Design},
	Title = {{Nanometer Power Leakage}},
	Year = {2005}}

@techreport{Przywara:vw,
	Author = {Przywara, B and Weeren, S},
	Date-Modified = {2014-07-15 17:29:03 +0000},
	Institution = {The Efficient Servers Consortium},
	Title = {{Energy efficient servers in Europe}},
	Year = {2007}}
